[
@article{al2017parallel,
  title   = {Parallel implementation of the coupled harmonic oscillator},
  author  = {Al-Oraiqat, Anas M},
  journal = {arXiv preprint arXiv:1702.02207},
  year    = {2017}
}

@book{press2007numerical,
  title     = {Numerical recipes 3rd edition: The art of scientific computing},
  author    = {Press, William H and Teukolsky, Saul A and Vetterling, William T and Flannery, Brian P},
  year      = {2007},
  publisher = {Cambridge university press}
}

]